@inproceedings{chen2009face,
  title={Face detection based on half face-template},
  author={Chen, Wei and Sun, Tongfeng and Yang, Xiaodong and Wang, Li},
  booktitle={Electronic Measurement \& Instruments, 2009. ICEMI'09. 9th International Conference on},
  pages={4--54},
  year={2009},
  organization={IEEE}
}
@inproceedings{zhao2011face,
  title={A face detection method based on corner verifying},
  author={Zhao, Quanyou and Zhang, Shujun},
  booktitle={Computer Science and Service System (CSSS), 2011 International Conference on},
  pages={2854--2857},
  year={2011},
  organization={IEEE}
}
@inproceedings{cuimei2017human,
  title={Human face detection algorithm via Haar cascade classifier combined with three additional classifiers},
  author={Cuimei, Li and Zhiliang, Qi and Nan, Jia and Jianhua, Wu},
  booktitle={Electronic Measurement \& Instruments (ICEMI), 2017 13th IEEE International Conference on},
  pages={483--487},
  year={2017},
  organization={IEEE}
}
@inproceedings{dang2017review,
  title={Review and comparison of face detection algorithms},
  author={Dang, Kirti and Sharma, Shanu},
  booktitle={Cloud Computing, Data Science \& Engineering-Confluence, 2017 7th International Conference on},
  pages={629--633},
  year={2017},
  organization={IEEE}
}
@inproceedings{mathias2014face,
  title={Face detection without bells and whistles},
  author={Mathias, Markus and Benenson, Rodrigo and Pedersoli, Marco and Van Gool, Luc},
  booktitle={European conference on computer vision},
  pages={720--735},
  year={2014},
  organization={Springer}
}
@inproceedings{li2015convolutional,
  title={A convolutional neural network cascade for face detection},
  author={Li, Haoxiang and Lin, Zhe and Shen, Xiaohui and Brandt, Jonathan and Hua, Gang},
  booktitle={Proceedings of the IEEE Conference on Computer Vision and Pattern Recognition},
  pages={5325--5334},
  year={2015}
}
@inproceedings{li2011face,
  title={Face detection using surf cascade},
  author={Li, Jianguo and Wang, Tao and Zhang, Yimin},
  booktitle={Computer Vision Workshops (ICCV Workshops), 2011 IEEE International Conference on},
  pages={2183--2190},
  year={2011},
  organization={IEEE}
}
@article{wu2017funnel,
  title={Funnel-structured cascade for multi-view face detection with alignment-awareness},
  author={Wu, Shuzhe and Kan, Meina and He, Zhenliang and Shan, Shiguang and Chen, Xilin},
  journal={Neurocomputing},
  volume={221},
  pages={138--145},
  year={2017},
  publisher={Elsevier}
}
@article{huang2015densebox,
  title={Densebox: Unifying landmark localization with end to end object detection},
  author={Huang, Lichao and Yang, Yi and Deng, Yafeng and Yu, Yinan},
  journal={arXiv preprint arXiv:1509.04874},
  year={2015}
}
@inproceedings{najibi2017ssh,
  title={Ssh: Single stage headless face detector},
  author={Najibi, Mahyar and Samangouei, Pouya and Chellappa, Rama and Davis, Larry S},
  booktitle={Proceedings of the IEEE International Conference on Computer Vision},
  pages={4875--4884},
  year={2017}
}
